@book{book_key,
	address = {City},
	publisher = {Publisher},
	author = {Smith, John},
	title = {Book title},
	year = {2012},
	volume = {3},
	series = {2},
	edition = {1},
	pages = {123--200},
	month = {January}
}

@article{article_key,
	address = {City},
	publisher = {Publisher},
	author = {Smith, James},
	title = {Article title},
	year = {2013},
	volume = {14},
	number = {6},
	pages = {1--8},
	month = {March}
}

%%%
%%% RoboRuckus
%%%
@article{make_roborally,
	author = {Groveman, Sam},
	title = {RoboRally mit echten Robotern},
	journal = {Make},
	volume = {Sonderheft 2019 - Robotik},

	year = {2019},
	month = {11},
	day = {14},

	publisher = {Maker Media GmbH},
	pages = {52--xx},
	url = {https://www.heise.de/select/make/2019/7/1574434251942821}
}

@misc{roboruckus_git,
	author = {Groveman, Sam},
	title = {RoboRuckus game controlling software},
	journal = {GitHub Repository},

	year = {2018},

	publisher = {GitHub},
	url = {https://github.com/ShVerni/RoboRuckus}
}

@misc{roboruckus_web,
	author = {Groveman, Sam},
	title = {RoboRuckus Website},

	year = {2019},

	url = {https://www.roboruckus.com}
}

%%% Robo-Rally

@misc{roborally_java,
	author = {Kindstr√∂m, Fredrik},
	title = {IT Students programming a digital version of the RoboRally game},
	journal = {GitHub Repository},

	year = {2015},

	publisher = {GitHub},
	url = {https://github.com/frellan/robo-rally}
}


%%% Super Robo Rally

@misc{super_robo_rally,
	author = {Team Hassenplug},
	title = {Super Robo Rally},

	url = {http://www.teamhassenplug.org/superroborally/}
}

%%%
%%% Rulebook
%%%
@book{roborally_rulebook,
	author = {Garfield, Richard},
	title = {RoboRally Rulebook},

	year = {2005},

	publisher = {Wizards of the Coast, Inc.},
	url = {https://www.wizards.com/avalonhill/rules/roborally.pdf}
}

